
@book{erstesBuch,
author = {Toller Autor},
title = {Toller Titel},
date = {DATUM},
year = {2005},
}

@book{zweitesBuch,
author = {Test},
title = {Test2},
date = {DATUM2},
year = {1993},
}

@OTHER{link,
author = {Doe, Ringo},
title = {Online Testeintrag},
month = jun,
year = {2009},
url = {http://www.test.org/doe/}
}